@Article{SensorSurveyAkyildiz:2002,
	author = {{I.F. A}kyildiz and {W. S}u and {Y. S}ankarasubramanian and {E. C}ayirci},
	title = {{A} {S}urvey on {S}ensor {N}etworks},
	journal = {{IEEE} {C}ommunications {M}agazine},
	pages = {102--114},
	year = {2002}
} 

@MISC{RuleBasedAllison:2007,
author = {{A}lison {C}awsey},
title = {{R}ule-{B}ased {S}ystems},
howpublished = {{L}ecture {N}otes in {D}atabases and {A}rtificial {I}ntelligence 3, {H}eriot {W}att {U}niversity},
year = {2007}
} 

@MISC{WaveletsSpaniol:2007,
author = {{O}tto {S}paniol and {D}irk {T}hi\ss{}en},  
title = {{JPEG} 2000},
howpublished = {{L}ecture {N}otes in {M}ultimedia {S}ystems, {RWTH} {A}achen},
year = {2007},
url = {http://www-i4.informatik.rwth-aachen.de}, 
month = {April}
}  

@BOOK{AIRichKnight:1990,
author = {{E}laine {R}ich and {K}evin {K}night},
title = {{A}rtificial {I}ntelligence},
publisher = {McGraw-Hill Science/Engineering/Math},
year = {1990},
edition = {2nd} 
} 
  
@BOOK{ProbReasoningPearl:1998,
author = {{J. P}earl},
title = {{P}robabilistic {R}easoning in {I}ntelligent {S}ystems: {N}etworks of {P}lausible {I}nference},
publisher = {Morgan Kaufmann},
year = {1988}
}
 
@ARTICLE{BayesianCharniak:1991,
author = {{E}ugene {C}harniak},
title = {{B}ayesian {N}etworks without {T}ears},
journal = {{AI} Magazine},
year = {1991}
}

@MISC{Samiam:2004,
author = {{A}dnan {D}arwiche and {K}eith {C}asico and {D}avid {A}llen and {H}ei {C}han and {M}ark {C}havira and {J}ames {P}ark and {D}enis {Z}aloznyy and {M}ike {Z}aloznyy},
title = {{S}am{I}am - {S}ensitivity {A}nalysis, {M}odeling, {I}nference {A}nd {M}ore},
howpublished = {http://reasoning.cs.ucla.edu/samiam}
} 

@ARTICLE{EMAlgoDempster:1977,
author = {{A}rthur {D}empster and {N}an {L}aird and {D}onald {R}ubin},
title = {{M}aximum likelihood from incomplete data via the {EM} algorithm},
journal = {{J}ournal of the {R}oyal {S}tatistical {S}ociety},
year = {1977},
pages = {1-38} 
} 

@MANUAL{TmoteskyDataSheet:2007,
title = {{T}mote {S}ky {D}atasheet},
organization = {{M}oteiv},
month = {{J}anuary},
year = {2007}
}  

@MANUAL{Mica2DataSheet:2007,
title = {{MICA} 2: {W}ireless {M}easurement {S}ystem},
organization = {{C}rossbow {T}echnology, {I}nc.},
month = {{M}arch},
year = {2007}
}  


@MANUAL{TinyOSManual:2006,
title = {{T}iny{OS} {P}rogramming},
author = {{P}hilip {L}evis},
organization = {{T}he {T}inyOS {A}lliance},
month = {{O}ctober},
year = {2006}
}  

@MISC{TinyOS:2006,
author = {{P}hilip {L}evis},
title = {{T}iny{OS} 2.0 {O}verview},
howpublished = {http://www.tinyos.net/tinyos-2.x/doc/html/overview.html},
year = {2006},
month = {October}
}
 
@INPROCEEDINGS{DSYS25zFlynn:2005,
  author = {{B}rendan {O'F}lynn and {A}ndre {B}arroso and {S}tephen {B}ellis and {J}onathan {B}enson and {U}tz {R}oedig and {K}ieran {D}elaney and {J}ohn {B}arton and {C}ormac {S}reenan and {S}ean {O'M}athuna},
  title = {{T}he {D}evelopment of a {N}ovel {M}iniaturised {M}odular {P}latform for {W}ireless {S}ensor {N}etworks},
  booktitle = {{IPSN} {T}rack on {S}ensor {P}latform, {T}ools and {D}esign {M}ethods for {N}etworked {E}mbedded {S}ystems},
  year = {2005},
  month = {{A}pril},
  publisher = {{IEEE} {C}omputer {S}ociety {P}ress}
}

@conference{dtnResourceAllocation:2007,
    Author = {Aruna Balasubramanian and Brian Neil Levine and Arun Venkataramani},
    Booktitle = {SIGCOMM'07},
    Date-Added = {2007-09-05 15:52:51 +0800},
    Date-Modified = {2007-09-05 15:52:51 +0800},
    Keywords = {dtn, resource allocation},
    Rating = {5},
    Title = {DTN Routing as a Resource Allocation Problem},
    Year = {2007}}  